@electronic{Directive_2014/94/EU,
  title         = "Directive 2014/94/EU",
  url           = "https://eur-lex.europa.eu/legal-content/EN/TXT/HTML/?uri=CELEX:32014L0094&from=en",
  organization  = "THE EUROPEAN PARLIAMENT",
  year          = "2014",
  month         = "October"
}

@electronic{DBC_File_Database_Intro,
  title         = "DBC File Database Intro",
  url           = "https://www.csselectronics.com/pages/can-dbc-file-database-intro",
  organization  = "CSS Electronics",
  year          = "2022",
  month         = "january"
}

@electronic{15118,
  title         = "ISO 15118",
  url           = "https://www.iso.org/standard/69113.html",
  organization  = "ISO",
  year          = "2019",
  month         = "April"
  }

@electronic{canbord,
  title         = "MCP2515 CAN Bus Interface Module",
  url           = "https://protosupplies.com/product/mcp2515-can-bus-interface-module/",
  organization  = "protosupplies",
  year          = "2021"
  }

  @electronic{autowp,
  title         = "arduino-mcp2515",
  url           = "https://github.com/autowp/arduino-mcp2515",
  author        = "Autowp",
  year          = "2022"
  }